@book{esimerkki,
  title = {Graph Theory},
  author = {Reinhard Diestel},
  publisher = {Springer},
  year = {2005},
  address = {Berliini},
  edition = {3.}
}

@inproceedings{bareiss2010,
 author = {Bareiss, Ray and Radley, Martin},
 title = {Coaching via Cognitive Apprenticeship},
 booktitle = {Proceedings of the 41st ACM Technical Symposium on Computer Science Education},
 series = {SIGCSE '10},
 year = {2010},
 isbn = {978-1-4503-0006-3},
 location = {Milwaukee, Wisconsin, USA},
 pages = {162--166},
 numpages = {5},
 url = {http://doi.acm.org/10.1145/1734263.1734319},
 doi = {10.1145/1734263.1734319},
 acmid = {1734319},
 publisher = {ACM},
 address = {New York, NY, USA},
 keywords = {active learning, cognitive apprenticeship, cs ed research, experience report, graduate studies, information systems, instructional technologies, learning by doing, professional practice, software engineering, story-centered curricula},
} 

@inproceedings{cutts2012,
 author = {Cutts, Quintin and Esper, Sarah and Fecho, Marlena and Foster, Stephen R. and Simon, Beth},
 title = {The Abstraction Transition Taxonomy: Developing Desired Learning Outcomes Through the Lens of Situated Cognition},
 booktitle = {Proceedings of the Ninth Annual International Conference on International Computing Education Research},
 series = {ICER '12},
 year = {2012},
 isbn = {978-1-4503-1604-0},
 location = {Auckland, New Zealand},
 pages = {63--70},
 numpages = {8},
 url = {http://doi.acm.org/10.1145/2361276.2361290},
 doi = {10.1145/2361276.2361290},
 acmid = {2361290},
 publisher = {ACM},
 address = {New York, NY, USA},
 keywords = {cognitive apprenticeship, cs0, cs1, cs2, deliberate practice, situated cognition, taxonomy},
}

@inproceedings{caspersen2007,
 author = {Caspersen, Michael E. and Bennedsen, Jens},
 title = {Instructional Design of a Programming Course: A Learning Theoretic Approach},
 booktitle = {Proceedings of the Third International Workshop on Computing Education Research},
 series = {ICER '07},
 year = {2007},
 isbn = {978-1-59593-841-1},
 location = {Atlanta, Georgia, USA},
 pages = {111--122},
 numpages = {12},
 url = {http://doi.acm.org/10.1145/1288580.1288595},
 doi = {10.1145/1288580.1288595},
 acmid = {1288595},
 publisher = {ACM},
 address = {New York, NY, USA},
 keywords = {cognition, cognitive apprenticeship, cognitive load theory, instructional design, learning, model-driven programming, object-oriented programming, patternbased approach to programming education, worked examples},
} 